@article{book:kgoczyla,
	author  = "K.Goczyla",
	title   = "Ontologie w systemach informatycznych",
	year    = "Exit 2011"
},

@misc{web:json-ld,
	author = "W3C",
	title = "A JSON-based Serialization for Linked Data",
	year = "2014",
	howpublished = "\url{https://www.w3.org/TR/json-ld/}",
	note = "[Online; access 2016-05-01]"
},

@misc{web:schema-org,
	author = "schema.org",
	title = "schema.org",
	year = "2015",
	howpublished = "\url{http://schema.org/}",
	note = "[Online; access 2016-05-01]"
},

@misc{web:esco-api,
	author = "Europe 2020",
	title = "European Skills, Competences, Qualifications and Occupations
          Application Program Interface",
	year = "2014",
	howpublished = "\url{https://ec.europa.eu/esco/portal/escopedia/ESCO_API}",
	note = "[Online; access 2016-05-01]"
},

@misc{web:aer-krk,
	author = "Department of Cybernetics and Robotics",
	title = "Embedded Robotics Subject Card",
	year = "2014",
	howpublished =
          "\url{http://kcir.pwr.edu.pl/embedded/pdf/SUBJECT_CARD.pdf}",
	note = "[Online; access 2016-05-01]"
},

@misc{web:weny-krk,
	author = "Faculty of electricity",
	title = "Krajowe Ramy Ksztalcenia",
	year = "2015",
	howpublished =
          "\url{http://www.weny.pwr.edu.pl/1455090,51.dhtml}",
	note = "[Online; access 2016-05-01]"
}

